% 1. Managing engineering systems with large state and action spaces through deep reinforcement learning
@article{andriotis2019managing,
  title={Managing engineering systems with large state and action spaces through deep reinforcement learning},
  author={Andriotis, CP and Papakonstantinou, KG},
  journal={Reliability Engineering \& System Safety},
  volume={191},
  pages={106483},
  year={2019},
  publisher={Elsevier}
}

% 6. Planning structural inspection and maintenance policies via dynamic programming and Markov processes. Part I: Theory 
@article{papakonstantinou2014planning1,
  title={Planning structural inspection and maintenance policies via dynamic programming and Markov processes. Part I: Theory},
  author={Papakonstantinou, Konstantinos G and Shinozuka, Masanobu},
  journal={Reliability Engineering \& System Safety},
  volume={130},
  pages={202--213},
  year={2014},
  publisher={Elsevier}
}

% 2. Planning structural inspection and maintenance policies via dynamic programming and Markov processes. Part II: POMDP implementation
@article{papakonstantinou2014planning2,
  title={Planning structural inspection and maintenance policies via dynamic programming and Markov processes. Part II: POMDP implementation},
  author={Papakonstantinou, Konstantinos G and Shinozuka, Masanobu},
  journal={Reliability Engineering \& System Safety},
  volume={130},
  pages={214--224},
  year={2014},
  publisher={Elsevier}
}

% 3. Value of information from vibration-based structural health monitoring extracted via Bayesian model updating
@article{kamariotis2022value,
  title={Value of information from vibration-based structural health monitoring extracted via Bayesian model updating},
  author={Kamariotis, Antonios and Chatzi, Eleni and Straub, Daniel},
  journal={Mechanical Systems and Signal Processing},
  volume={166},
  pages={108465},
  year={2022},
  publisher={Elsevier}
}

% 5. Modeling of risk-based inspection, maintenance and life-cycle cost with partially observable Markov decision processes
@article{corotis2005modeling,
  title={Modeling of risk-based inspection, maintenance and life-cycle cost with partially observable Markov decision processes},
  author={Corotis, Ross B and Hugh Ellis, J and Jiang, Mingxiang},
  journal={Structure and Infrastructure Engineering},
  volume={1},
  number={1},
  pages={75--84},
  year={2005},
  publisher={Taylor \& Francis}
}

% 7. POMDP and MOMDP solutions for structural life-cycle cost minimization under partial and mixed observability
@article{papakonstantinou2018pomdp,
  title={POMDP and MOMDP solutions for structural life-cycle cost minimization under partial and mixed observability},
  author={Papakonstantinou, Konstantinos G and Andriotis, Charalampos P and Shinozuka, Masanobu},
  journal={Structure and Infrastructure Engineering},
  volume={14},
  number={7},
  pages={869--882},
  year={2018},
  publisher={Taylor \& Francis}
}

% 8. Maintenance and Repair Decision Making for Infrastructure Facilities without a Deterioration Model
@article{durango2004maintenance,
  title={Maintenance and repair decision making for infrastructure facilities without a deterioration model},
  author={Durango-Cohen, Pablo L},
  journal={Journal of Infrastructure Systems},
  volume={10},
  number={1},
  pages={1--8},
  year={2004},
  publisher={American Society of Civil Engineers}
}

% 9. Sampling methods for solving Bayesian model updating problems: A tutorial
@article{lye2021sampling,
  title={Sampling methods for solving Bayesian model updating problems: A tutorial},
  author={Lye, Adolphus and Cicirello, Alice and Patelli, Edoardo},
  journal={Mechanical Systems and Signal Processing},
  volume={159},
  pages={107760},
  year={2021},
  publisher={Elsevier}
}

% 10. A numerical study of Markov decision process algorithms for multi-component replacement problems
@article{andersen2021numerical,
  title={A numerical study of Markov decision process algorithms for multi-component replacement problems},
  author={Andersen, Jesper Fink and Andersen, Anders Reenberg and Kulahci, Murat and Nielsen, Bo Friis},
  journal={European Journal of Operational Research},
  year={2021},
  publisher={Elsevier}
}

% 12. A Deep Reinforcement Learning Approach to Dynamic Loading Strategy of Repairable Multistate Systems
@article{chen2021deep,
  title={A Deep Reinforcement Learning Approach to Dynamic Loading Strategy of Repairable Multistate Systems},
  author={Chen, Yiming and Liu, Yu and Xiahou, Tangfan},
  journal={IEEE Transactions on Reliability},
  year={2021},
  publisher={IEEE}
}

% 14. A model-based reinforcement learning approach for maintenance optimization of degrading systems in a large state space
@article{zhang2021model,
  title={A model-based reinforcement learning approach for maintenance optimization of degrading systems in a large state space},
  author={Zhang, Ping and Zhu, Xiaoyan and Xie, Min},
  journal={Computers \& Industrial Engineering},
  volume={161},
  pages={107622},
  year={2021},
  publisher={Elsevier}
}

% 15. Model-free reinforcement learning with model-based safe exploration: Optimizing adaptive recovery process of infrastructure systems
@article{memarzadeh2019model,
  title={Model-free reinforcement learning with model-based safe exploration: Optimizing adaptive recovery process of infrastructure systems},
  author={Memarzadeh, Milad and Pozzi, Matteo},
  journal={Structural Safety},
  volume={80},
  pages={46--55},
  year={2019},
  publisher={Elsevier}
}

% 18. Playing Atari with Deep Reinforcement Learning
@article{mnih2013playing,
  title={Playing atari with deep reinforcement learning},
  author={Mnih, Volodymyr and Kavukcuoglu, Koray and Silver, David and Graves, Alex and Antonoglou, Ioannis and Wierstra, Daan and Riedmiller, Martin},
  journal={arXiv preprint arXiv:1312.5602},
  year={2013}
}

% 19. Value of structural health information in partially observable stochastic environments
@article{andriotis2021value,
  title={Value of structural health information in partially observable stochastic environments},
  author={Andriotis, Charalampos P and Papakonstantinou, Konstantinos G and Chatzi, Eleni N},
  journal={Structural Safety},
  volume={93},
  pages={102072},
  year={2021},
  publisher={Elsevier}
}

% 20. Dealing with uncertainty in model updating for damage assessment A review
@article{simoen2015dealing,
  title={Dealing with uncertainty in model updating for damage assessment: A review},
  author={Simoen, Ellen and De Roeck, Guido and Lombaert, Geert},
  journal={Mechanical Systems and Signal Processing},
  volume={56},
  pages={123--149},
  year={2015},
  publisher={Elsevier}
}

% 23. Optimal inspection and maintenance planning for deteriorating structural components through dynamic Bayesian networks and Markov decision processes
@article{morato2022optimal,
  title={Optimal inspection and maintenance planning for deteriorating structural components through dynamic Bayesian networks and Markov decision processes},
  author={Morato, PG and Papakonstantinou, KG and Andriotis, CP and Nielsen, JS and Rigo, Philippe},
  journal={Structural Safety},
  volume={94},
  pages={102140},
  year={2022},
  publisher={Elsevier}
}

% 24. Deep Recurrent Q-Learning for Partially Observable MDPs
@inproceedings{hausknecht2015deep,
  title={Deep recurrent q-learning for partially observable mdps},
  author={Hausknecht, Matthew and Stone, Peter},
  booktitle={2015 aaai fall symposium series},
  year={2015}
}

% 25. Deep Reinforcement Learning with POMDPs
@techreport{egorov2015deep,
  title={Deep reinforcement learning with pomdps},
  author={Egorov, Maxim},
  year={2015},
  institution={Tech. Rep.(Technical Report, Stanford University, 2015)}
}

% 26. Memory-based Deep Reinforcement Learning for POMDPs
@article{meng2021memory,
  title={Memory-based Deep Reinforcement Learning for POMDP},
  author={Meng, Lingheng and Gorbet, Rob and Kuli{\'c}, Dana},
  journal={arXiv preprint arXiv:2102.12344},
  year={2021}
}

% 29. A Markov decision process framework for optimal operation of monitored multi-state systems
@article{compare2018markov,
  title={A Markov decision process framework for optimal operation of monitored multi-state systems},
  author={Compare, Michele and Marelli, Paolo and Baraldi, Piero and Zio, Enrico},
  journal={Proceedings of the Institution of Mechanical Engineers, Part O: Journal of Risk and Reliability},
  volume={232},
  number={6},
  pages={677--689},
  year={2018},
  publisher={SAGE Publications Sage UK: London, England}
}

% 30. A reinforcement learning framework for optimal operation and maintenance of power grids
@article{rocchetta2019reinforcement,
  title={A reinforcement learning framework for optimal operation and maintenance of power grids},
  author={Rocchetta, Roberto and Bellani, L and Compare, M and Zio, Enrico and Patelli, E},
  journal={Applied energy},
  volume={241},
  pages={291--301},
  year={2019},
  publisher={Elsevier}
}

% 33. Joint optimization of monitoring quality and replacement decisions in condition-based maintenance
@article{nguyen2019joint,
  title={Joint optimization of monitoring quality and replacement decisions in condition-based maintenance},
  author={Nguyen, Khanh TP and Do, Phuc and Huynh, Khac Tuan and B{\'e}renguer, Christophe and Grall, Antoine},
  journal={Reliability Engineering \& System Safety},
  volume={189},
  pages={177--195},
  year={2019},
  publisher={Elsevier}
}

% 34. Optimal policy for structure maintenance A deep reinforcement learning framework
@article{wei2020optimal,
  title={Optimal policy for structure maintenance: A deep reinforcement learning framework},
  author={Wei, Shiyin and Bao, Yuequan and Li, Hui},
  journal={Structural Safety},
  volume={83},
  pages={101906},
  year={2020},
  publisher={Elsevier}
}

% 35. Deep reinforcement learning driven inspection and maintenance planning under incomplete information and constraints
@article{andriotis2021deep,
  title={Deep reinforcement learning driven inspection and maintenance planning under incomplete information and constraints},
  author={Andriotis, CP and Papakonstantinou, KG},
  journal={Reliability Engineering \& System Safety},
  volume={212},
  pages={107551},
  year={2021},
  publisher={Elsevier}
}

% 36. Deep reinforcement learning for condition-based maintenance planning of multi-component systems under dependent competing risks
@article{zhang2020deep,
  title={Deep reinforcement learning for condition-based maintenance planning of multi-component systems under dependent competing risks},
  author={Zhang, Nailong and Si, Wujun},
  journal={Reliability Engineering \& System Safety},
  volume={203},
  pages={107094},
  year={2020},
  publisher={Elsevier}
}

% 37. Adaptive Risk-Based Life-Cycle Management for Large-Scale Structures Using Deep Reinforcement Learning and Surrogate Modeling
@article{yang2022adaptive,
  title={Adaptive Risk-Based Life-Cycle Management for Large-Scale Structures Using Deep Reinforcement Learning and Surrogate Modeling},
  author={Yang, David Y},
  journal={Journal of Engineering Mechanics},
  volume={148},
  number={1},
  pages={04021126},
  year={2022},
  publisher={American Society of Civil Engineers}
}

% 38. Maintenance optimization of multicomponent systems using hierarchical coordinated reinforcement learning
@article{zhou2022maintenance,
  title={Maintenance optimisation of multicomponent systems using hierarchical coordinated reinforcement learning},
  author={Zhou, Yifan and Li, Bangcheng and Lin, Tian Ran},
  journal={Reliability Engineering \& System Safety},
  volume={217},
  pages={108078},
  year={2022},
  publisher={Elsevier}
}

% 39. Optimization of the Operation and Maintenance of renewable energy systems by Deep Reinforcement Learning
@article{pinciroli2022optimization,
  title={Optimization of the Operation and Maintenance of renewable energy systems by Deep Reinforcement Learning},
  author={Pinciroli, Luca and Baraldi, Piero and Ballabio, Guido and Compare, Michele and Zio, Enrico},
  journal={Renewable Energy},
  volume={183},
  pages={752--763},
  year={2022},
  publisher={Elsevier}
}

% 42. POMDP based maintenance optimization of offshore wind substructures including monitoring
@article{morato2019pomdp,
  title={POMDP based maintenance optimization of offshore wind substructures including monitoring},
  author={Morato, Pablo G and Nielsen, Jannie S and Mai, Anh Q and Rigo, Philippe},
  year={2019}
}

% 53. Efficient parametric uncertainty analysis within the hybrid Finite Element/Statistical Energy Analysis method
@article{cicirello2014efficient,
  title={Efficient parametric uncertainty analysis within the hybrid Finite Element/Statistical Energy Analysis method},
  author={Cicirello, Alice and Langley, Robin S},
  journal={Journal of Sound and Vibration},
  volume={333},
  number={6},
  pages={1698--1717},
  year={2014},
  publisher={Elsevier}
}


% 54. A stochastic deterioration process for time-dependent reliability analysis
@incollection{van2020stochastic,
  title={A stochastic deterioration process for time-dependent reliability analysis},
  author={Van Noortwijk, JM and Pandey, MD},
  booktitle={Reliability and optimization of structural systems},
  pages={259--265},
  year={2020},
  publisher={CRC Press}
}

% 58. Bayesian Reinforcement Learning in Continuous POMDPs with Gaussian Processes

@inproceedings{dallaire2009bayesian,
  title={Bayesian reinforcement learning in continuous POMDPs with Gaussian processes},
  author={Dallaire, Patrick and Besse, Camille and Ross, Stephane and Chaib-draa, Brahim},
  booktitle={2009 IEEE/RSJ International Conference on Intelligent Robots and Systems},
  pages={2604--2609},
  year={2009},
  organization={IEEE}
}

% 59. Parametric POMDPs for planning in continuous state spaces

@article{brooks2006parametric,
  title={Parametric POMDPs for planning in continuous state spaces},
  author={Brooks, Alex and Makarenko, Alexei and Williams, Stefan and Durrant-Whyte, Hugh},
  journal={Robotics and Autonomous Systems},
  volume={54},
  number={11},
  pages={887--897},
  year={2006},
  publisher={Elsevier}
}

% 60. Solving Continuous-State POMDPs via Density Projection

@article{zhou2010solving,
  title={Solving continuous-state POMDPs via density projection},
  author={Zhou, Enlu and Fu, Michael C and Marcus, Steven I},
  journal={IEEE Transactions on Automatic Control},
  volume={55},
  number={5},
  pages={1101--1116},
  year={2010},
  publisher={IEEE}
}

% 62. A survey of the application of gamma processes in maintenance
@article{van2009survey,
  title={A survey of the application of gamma processes in maintenance},
  author={van Noortwijk, Jan M},
  journal={Reliability Engineering \& System Safety},
  volume={94},
  number={1},
  pages={2--21},
  year={2009},
  publisher={Elsevier}
}

% Sutton & Barto
@book{sutton2018reinforcement,
  title={Reinforcement learning: An introduction},
  author={Sutton, Richard S and Barto, Andrew G},
  year={2018},
  publisher={MIT press}
}

% NUTS paper
@article{hoffman2014no,
  title={The No-U-Turn sampler: adaptively setting path lengths in Hamiltonian Monte Carlo.},
  author={Hoffman, Matthew D and Gelman, Andrew and others},
  journal={J. Mach. Learn. Res.},
  volume={15},
  number={1},
  pages={1593--1623},
  year={2014}
}

% DDQN
@inproceedings{van2016deep,
  title={Deep reinforcement learning with double q-learning},
  author={Van Hasselt, Hado and Guez, Arthur and Silver, David},
  booktitle={Proceedings of the AAAI conference on artificial intelligence},
  volume={30},
  number={1},
  year={2016}
}

% PPO
@article{schulman2017proximal,
  title={Proximal policy optimization algorithms},
  author={Schulman, John and Wolski, Filip and Dhariwal, Prafulla and Radford, Alec and Klimov, Oleg},
  journal={arXiv preprint arXiv:1707.06347},
  year={2017}
}

% Spinning Up Docs
@misc{PPOspinningup, 
  title={Proximal policy optimization}, url={https://spinningup.openai.com/en/latest/algorithms/ppo.html}, 
  journal={Proximal Policy Optimization - Spinning Up documentation}, 
  note={Accessed: 24-Jan-2022}
}

% Eurocode 3
@misc{EC3,
	howpublished={EN 1993-1-1 (2005). "Eurocode 3: Design of steel structures - Part 1-1: General rules and rules for buildings", The European Union Per Regulation 305/2011, Directive 98/34/EC, Directive 2004/18/EC}
}

% Eurocode 8
@misc{EC8,
	howpublished={EN 1998-1 (2004). "Eurocode 8: Design of structures for earthquake resistance – Part 1: General rules, seismic actions and rules for buildings", The European Union Per Regulation 305/2011, Directive 98/34/EC, Directive 2004/18/EC}
}


% feastruct Github
@misc{robbie2018,
  author = {Robbie van Leeuwen},
  title = {feastruct},
  publisher = {GitHub},
  journal = {GitHub repository},
  url = {https://github.com/robbievanleeuwen/feastruct},
  note = {Accessed: 04-Apr-2022}
}

% FORM TUM
@misc{formTUM2020,
  author = {Geyer, Sebastian and Kamariotis, Antonis and Papaioannou, Iason and Sardi, Luca and Straub, Daniel and Uribe, Felipe},
  title = {First-Order Reliability Method},
  publisher = {Engineering Risk Analysis Group, Technische Universit{\"a}t Munchen},
  url = {https://www.cee.ed.tum.de/en/era/software/reliability/first-order-reliability-method/},
  note = {Accessed: 06-May-2022}
}

% MCMC Using Hamiltonian Dynamics
@article{neal2011mcmc,
  title={MCMC using Hamiltonian dynamics},
  author={Neal, Radford M and others},
  journal={Handbook of markov chain monte carlo},
  volume={2},
  number={11},
  pages={2},
  year={2011}
}

% PyMC3
@article{salvatier2016probabilistic,
  title={Probabilistic programming in Python using PyMC3},
  author={Salvatier, John and Wiecki, Thomas V and Fonnesbeck, Christopher},
  journal={PeerJ Computer Science},
  volume={2},
  pages={e55},
  year={2016},
  publisher={PeerJ Inc.}
}

% Primal-dual subgradient methods for convex problems.
@article{nesterov2009primal,
  title={Primal-dual subgradient methods for convex problems},
  author={Nesterov, Yurii},
  journal={Mathematical programming},
  volume={120},
  number={1},
  pages={221--259},
  year={2009},
  publisher={Springer}
}

% 64. Time-dependent reliability of deteriorating reinforced concrete bridge decks
@article{stewart1998time,
  title={Time-dependent reliability of deteriorating reinforced concrete bridge decks},
  author={Stewart, Mark G and Rosowsky, David V},
  journal={Structural safety},
  volume={20},
  number={1},
  pages={91--109},
  year={1998},
  publisher={Elsevier}
}

% 65. Lifetime Performance Analysis of Existing Steel Girder Bridge Superstructures
@article{akgul2004lifetime,
  title={Lifetime performance analysis of existing steel girder bridge superstructures},
  author={Akg{\"u}l, Ferhat and Frangopol, Dan M},
  journal={Journal of Structural Engineering},
  volume={130},
  number={12},
  pages={1875--1888},
  year={2004},
  publisher={American Society of Civil Engineers}
}

% 66. Effect of reinforcement corrosion on reliability of highway bridges
@article{val1998effect,
  title={Effect of reinforcement corrosion on reliability of highway bridges},
  author={Val, Dimitri V and Stewart, Mark G and Melchers, Robert E},
  journal={Engineering structures},
  volume={20},
  number={11},
  pages={1010--1019},
  year={1998},
  publisher={Elsevier}
}

% 67. RELIABILITY OF DETERIORATING RC SLAB BRIDGES
@article{val1997reliability,
  title={Reliability of deteriorating RC slab bridges},
  author={Val, Dimitri V and Melchers, Robert E},
  journal={Journal of structural engineering},
  volume={123},
  number={12},
  pages={1638--1644},
  year={1997},
  publisher={American Society of Civil Engineers}
}

% 68. Reliability-based management of inspection, maintenance and repair of offshore structures
@article{moan2005reliability,
  title={Reliability-based management of inspection, maintenance and repair of offshore structures},
  author={Moan, Torgier},
  journal={Structure and Infrastructure Engineering},
  volume={1},
  number={1},
  pages={33--62},
  year={2005},
  publisher={Taylor \& Francis}
}

% 69. Probabilistic methods for planning of inspection for fatigue cracks in offshore structures
@article{lotsberg2016probabilistic,
  title={Probabilistic methods for planning of inspection for fatigue cracks in offshore structures},
  author={Lotsberg, Inge and Sigurdsson, Gudfinnur and Fjeldstad, Arne and Moan, Torgeir},
  journal={Marine Structures},
  volume={46},
  pages={167--192},
  year={2016},
  publisher={Elsevier}
}

% 70. Fatigue reliability in welded joints of offshore structures
@article{wirsching1980fatigue,
  title={Fatigue reliability in welded joints of offshore structures},
  author={Wirsching, PH},
  journal={International Journal of Fatigue},
  volume={2},
  number={2},
  pages={77--83},
  year={1980},
  publisher={Elsevier}
}

% 71. Special fatigue aspects in support structures of offshore wind turbines
@article{schaumann2011special,
  title={Special fatigue aspects in support structures of offshore wind turbines},
  author={Schaumann, P and Lochte-Holtgreven, Steppeler and Steppeler, S},
  journal={Materialwissenschaft und Werkstofftechnik},
  volume={42},
  number={12},
  pages={1075--1081},
  year={2011},
  publisher={Wiley Online Library}
}

% 72. Fatigue reliability analysis of the jacket support structure for offshore wind turbine considering the effect of corrosion and inspection
@article{dong2012fatigue,
  title={Fatigue reliability analysis of the jacket support structure for offshore wind turbine considering the effect of corrosion and inspection},
  author={Dong, Wenbin and Moan, Torgeir and Gao, Zhen},
  journal={Reliability Engineering \& System Safety},
  volume={106},
  pages={11--27},
  year={2012},
  publisher={Elsevier}
}

% 73. Fatigue damage assessment of fixed offshore wind turbine tripod support structures
@article{yeter2015fatigue,
  title={Fatigue damage assessment of fixed offshore wind turbine tripod support structures},
  author={Yeter, B and Garbatov, Y and Soares, C Guedes},
  journal={Engineering Structures},
  volume={101},
  pages={518--528},
  year={2015},
  publisher={Elsevier}
}

% 74. Maintenance planning using continuous-state partially observable Markov decision processes and non-linear action models

@article{schobi2016maintenance,
  title={Maintenance planning using continuous-state partially observable Markov decision processes and non-linear action models},
  author={Sch{\"o}bi, Roland and Chatzi, Eleni N},
  journal={Structure and Infrastructure Engineering},
  volume={12},
  number={8},
  pages={977--994},
  year={2016},
  publisher={Taylor \& Francis}
}

% 75. Deep Learning: A Comprehensive Overview on Techniques, Taxonomy, Applications and Research Directions

@article{sarker2021deep,
  title={Deep learning: a comprehensive overview on techniques, taxonomy, applications and research directions},
  author={Sarker, Iqbal H},
  journal={SN Computer Science},
  volume={2},
  number={6},
  pages={1--20},
  year={2021},
  publisher={Springer}
}

% 76. Condition-based maintenance policies for systems with multiple dependent components: A review
@article{keizer2017condition,
  title={Condition-based maintenance policies for systems with multiple dependent components: A review},
  author={Keizer, Minou CA Olde and Flapper, Simme Douwe P and Teunter, Ruud H},
  journal={European Journal of Operational Research},
  volume={261},
  number={2},
  pages={405--420},
  year={2017},
  publisher={Elsevier}
}

% 77. A condition-based maintenance policy for stochastically deteriorating systems

@article{grall2002condition,
  title={A condition-based maintenance policy for stochastically deteriorating systems},
  author={Grall, Antoine and B{\'e}renguer, Christophe and Dieulle, Laurence},
  journal={Reliability Engineering \& System Safety},
  volume={76},
  number={2},
  pages={167--180},
  year={2002},
  publisher={Elsevier}
}

% 78. Reliability, risk and lifetime distributions as performance indicators for life-cycle maintenance of deteriorating structures

@article{barone2014reliability,
  title={Reliability, risk and lifetime distributions as performance indicators for life-cycle maintenance of deteriorating structures},
  author={Barone, Giorgio and Frangopol, Dan M},
  journal={Reliability Engineering \& System Safety},
  volume={123},
  pages={21--37},
  year={2014},
  publisher={Elsevier}
}

% 79. Time-dependent reliability of aging structures in the presence of non-stationary loads and degradation

@article{li2015time,
  title={Time-dependent reliability of aging structures in the presence of non-stationary loads and degradation},
  author={Li, Quanwang and Wang, Cao and Ellingwood, Bruce R},
  journal={Structural Safety},
  volume={52},
  pages={132--141},
  year={2015},
  publisher={Elsevier}
}

% 80. Sample efficient actor-critic with experience replay

@article{wang2016sample,
  title={Sample efficient actor-critic with experience replay},
  author={Wang, Ziyu and Bapst, Victor and Heess, Nicolas and Mnih, Volodymyr and Munos, Remi and Kavukcuoglu, Koray and de Freitas, Nando},
  journal={arXiv preprint arXiv:1611.01224},
  year={2016}
}